@misc{mitcourse,
 author       = "Frans Kaashoek and Robert Morris",
 title        = "6.828 Operating System Engineering course",
 howpublished = "\url{https://pdos.csail.mit.edu/6.828/2016/index.html}"
}

@misc{cmos,
 author       = "OSDev Wiki",
 title        = "CMOS",
 howpublished = "\url{http://wiki.osdev.org/CMOS}"
}

@book{intel3a,
 title = {Intel 64 and IA-32 architectures software developer's manual},
 author = {Intel Corporation},
 series = {System programming guide},
 volume = {3A},
 year = {2017},
 month = {October},
}

@misc{apic,
 author       = "OSDev Wiki",
 title        = "APIC",
 howpublished = "\url{http://wiki.osdev.org/APIC}"
}

@book{mpspec,
 title = {MultiProcessor Specification},
 author = {Intel Corporation},
 year = {1997},
 month = {May},
}

@book{e1000manual,
 title = {PCI/PCI-X Family of Gigabit Ethernet Controllers Software Developerâ€™s Manual},
 author = {Intel Corporation},
 year = {2009},
 month = {March},
}

@misc{netbook,
 title        = "Packard Bell Dot S",
 howpublished = "\url{http://www.packardbell.com/pb/en/IL/content/model/LU.BUN0D.038}"
}

@misc{symm,
 author       = "OSDev Wiki",
 title        = "Symmetric Multiprocessing",
 howpublished = "\url{wiki.osdev.org/Symmetric_Multiprocessing}"
}

@misc{bootingfromusb,
 author       = "OSDev Wiki",
 title        = "Problems booting from USB flash",
 howpublished = "\url{http://wiki.osdev.org/Problems_Booting_From_USB_Flash}"
}

@misc{rsdp,
 author       = "OSDev Wiki",
 title        = "RSDP",
 howpublished = "\url{http://wiki.osdev.org/RSDP}"
}

@misc{gdt,
 author       = "OSDev Wiki",
 title        = "Global Descriptor Table",
 howpublished = "\url{http://wiki.osdev.org/Global_Descriptor_Table}"
}

@misc{graphicsstack,
 author       = "OSDev Wiki",
 title        = "Graphics Stack",
 howpublished = "\url{http://wiki.osdev.org/Graphics_stack}"
}

@misc{windowingsystem,
 title        = "Windowing System",
 howpublished = "\url{https://en.wikipedia.org/wiki/Windowing_system}"
}

@misc{xwindowsystem,
 title        = "X Window System",
 howpublished = "\url{https://en.wikipedia.org/wiki/X_Window_System}"
}

@misc{mouseinput,
 author       = "OSDev Wiki",
 title        = "Mouse Input",
 howpublished = "\url{http://wiki.osdev.org/Mouse_Input}"
}

@misc{manual8086ch9,
 author       = "Intel Corporation",
 title        = "80386 Programmer's Reference Manual, Chapter 9: Exceptions
 and Interrupts",
 howpublished = "\url{https://pdos.csail.mit.edu/6.828/2016/readings/i386/c09.htm}"
}

@misc{exceptions,
 author       = "OSDev Wiki",
 title        = "Exceptions",
 howpublished = "\url{http://wiki.osdev.org/Exceptions}"
}

@misc{manual8086ch5,
 author       = "Intel Corporation",
 title        = "80386 Programmer's Reference Manual, Chapter 5: Memory Management",
 howpublished = "\url{https://pdos.csail.mit.edu/6.828/2016/readings/i386/c05.htm}"
}

@misc{lab5,
 author       = "Frans Kaashoek and Robert Morris",
 title        = "Lab 5: File System, Spawn and Shell",
 howpublished = "\url{https://pdos.csail.mit.edu/6.828/2016/labs/lab5/}"
}
